@Book{jacobson2015interfejs,
 author = {Jacobson, Daniel},
 title = {Interfejs API : strategia programisty},
 publisher = {Helion},
 year = {2015},
 address = {Gliwice},
 isbn = {978-83-283-0555-7}
 }

@Book{abernethy2018programmer's,
 author = {Abernethy, Randy},
 title = {Programmer's guide to Apache Thrift},
 publisher = {Manning Publications},
 year = {2018},
 address = {Shelter Island},
 isbn = {1617296163}
 }